<?xml version="1.0" encoding="UTF-8"?><collection xmlns="http://www.loc.gov/MARC21/slim"><record><leader>00548nam--2200157-i-4500</leader><controlfield tag="001">000042836</controlfield><controlfield tag="002">20161230</controlfield><controlfield tag="005">20170221161142</controlfield><controlfield tag="008">060222s1000------------r-----000-0-eng-d</controlfield><datafield ind1=" " ind2=" " tag="080"><subfield code="a">530.1:681.3</subfield></datafield><datafield ind1=" " ind2=" " tag="245"><subfield code="a">Previsions, calcul et realites. Colloque organise par J.L.Destouches a l`ecole centrale des arts et manufactures du 27 au 30 mai 1963, sous la presidence de M.Louis de Broglie</subfield></datafield><datafield ind1=" " ind2=" " tag="260"><subfield code="a">Paris</subfield><subfield code="b">Ghauthier-villars</subfield><subfield code="c">1965</subfield></datafield><datafield ind1=" " ind2=" " tag="300"><subfield code="a">322 p</subfield></datafield><datafield ind1=" " ind2=" " tag="490"><subfield code="a">Les Grands Problemes Des Sciences</subfield></datafield><datafield ind1=" " ind2=" " tag="852"><subfield code="a">24190</subfield></datafield><datafield ind1=" " ind2=" " tag="CAT"><subfield code="a">SYS</subfield><subfield code="c">20170221</subfield><subfield code="h">161142</subfield></datafield></record></collection>